<?xml version="1.0" encoding="utf-8"?>
<record xmlns="http://www.loc.gov/MARC21/slim" xmlns:xsi="http://www.w3.org/2001/XMLSchema-instance" xsi:schemaLocation="http://www.loc.gov/MARC21/slim http://www.loc.gov/standards/marcxml/schema/MARC21slim.xsd">
	<leader>     nam a22        4500</leader>
	<controlfield tag="001">b12452531</controlfield>
	<controlfield tag="003">LeBAU</controlfield>
	<controlfield tag="006">m        d        </controlfield>
	<controlfield tag="007">cr cn |||m|||a</controlfield>
	<controlfield tag="008">171023m19101911le acfh o     ||0 0 ara d</controlfield>
	<datafield ind1=" " ind2=" " tag="040">
		<subfield code="a">NNU</subfield>
		<subfield code="b">ara</subfield>
		<subfield code="e">rda</subfield>
		<subfield code="c">NNU</subfield>
	</datafield>
	<datafield ind1=" " ind2="4" tag="050">
		<subfield code="a">HS475</subfield>
		<subfield code="b">.C45 1910</subfield>
	</datafield>
	<datafield ind1="0" ind2="4" tag="082">
		<subfield code="a">366.1</subfield>
		<subfield code="2">20</subfield>
	</datafield>
	<datafield ind1="1" ind2=" " tag="100">
		<subfield code="6">880-01</subfield>
		<subfield code="a">Cheikho, Louis,</subfield>
		<subfield code="d">1859-1927,</subfield>
		<subfield code="e">author.</subfield>
	</datafield>
	<datafield ind1="1" ind2="3" tag="245">
		<subfield code="6">880-02</subfield>
		<subfield code="a">al-Sirr al-maṣūn fī shī‘at al-Farmasūn :</subfield>
		<subfield code="b">wa-huwa naẓar tārīkhī adabī ijtimā‘ī /</subfield>
		<subfield code="c">bi-qalam al-Ab Lūwīs Shaykhū al-Yasū‘ī.</subfield>
	</datafield>
	<datafield ind1="1" ind2=" " tag="246">
		<subfield code="6">880-03</subfield>
		<subfield code="i">Subtitle on cover:</subfield>
		<subfield code="a">akhṭar kitāb fī al-radd ‘alá al-māsūnīyah</subfield>
	</datafield>
	<datafield ind1=" " ind2="1" tag="264">
		<subfield code="6">880-04</subfield>
		<subfield code="a">Bayrūt :</subfield>
		<subfield code="b">al-Maṭba‘ah al-Kāthūlīkīyah lil-Ābā’ al-Yasū‘īyīn,</subfield>
		<subfield code="c">1910-1911.</subfield>
	</datafield>
	<datafield ind1=" " ind2=" " tag="300">
		<subfield code="6">880-05</subfield>
		<subfield code="a">online resource (1 volume) :</subfield>
		<subfield code="b">illustrations, portraits, facsimilies</subfield>
	</datafield>
	<datafield ind1=" " ind2=" " tag="336">
		<subfield code="a">text</subfield>
		<subfield code="2">rdacontent</subfield>
	</datafield>
	<datafield ind1=" " ind2=" " tag="337">
		<subfield code="a">computer</subfield>
		<subfield code="2">rdamedia</subfield>
	</datafield>
	<datafield ind1=" " ind2=" " tag="338">
		<subfield code="a">online resource</subfield>
		<subfield code="2">rdacarrier</subfield>
	</datafield>
	<datafield ind1=" " ind2=" " tag="500">
		<subfield code="a">Part of the Arabic Collections Online (ACO) project, contributed by American University of Beirut's Jafet Memorial Library.</subfield>
	</datafield>
	<datafield ind1=" " ind2=" " tag="533">
		<subfield code="a">Electronic reproduction.</subfield>
		<subfield code="b">New York, N.Y. :</subfield>
		<subfield code="c">New York University,</subfield>
		<subfield code="d">2017.</subfield>
		<subfield code="5">NNU</subfield>
	</datafield>
	<datafield ind1=" " ind2="0" tag="650">
		<subfield code="6">880-06</subfield>
		<subfield code="a">Freemasonry</subfield>
		<subfield code="x">History.</subfield>
	</datafield>
	<datafield ind1="2" ind2=" " tag="710">
		<subfield code="a">Jafet Memorial Library.</subfield>
	</datafield>
	<datafield ind1="0" ind2=" " tag="730">
		<subfield code="a">Arabic Collections Online.</subfield>
	</datafield>
	<datafield ind1="0" ind2="8" tag="776">
		<subfield code="i">Print version:</subfield>
		<subfield code="a">Cheikho, Louis, 1859-1927, author.</subfield>
		<subfield code="t">al-Sirr al-maṣūn fī shī‘at al-Farmasūn</subfield>
		<subfield code="w">(LeBAU)b12452531</subfield>
	</datafield>
	<datafield ind1="4" ind2="0" tag="856">
		<subfield code="u">http://hdl.handle.net/2333.1/rn8pk612</subfield>
	</datafield>
	<datafield ind1="1" ind2=" " tag="880">
		<subfield code="6">100-01/r</subfield>
		<subfield code="a">شيخو، لويس،‪‪‪‪‪‪‪</subfield>
		<subfield code="d">1859-1927،</subfield>
		<subfield code="e">مؤلف.‪‪‪‪‪‪‪</subfield>
		<subfield code="4">aut.</subfield>
	</datafield>
	<datafield ind1="1" ind2="2" tag="880">
		<subfield code="6">245-02/r</subfield>
		<subfield code="a">السر المصون في شيعة الفرمسون :‪‪‪‪‪‪‪</subfield>
		<subfield code="b">وهو نظر تاريخي أدبي إجتماعي /‪‪‪‪‪‪‪</subfield>
		<subfield code="c">بقلم الأب لويس شيخو اليسوعي.‪‪‪‪‪‪‪</subfield>
	</datafield>
	<datafield ind1="1" ind2=" " tag="880">
		<subfield code="6">246-03/r</subfield>
		<subfield code="i">العنوان الفرعي على الغلاف:‪‪‪‪‪‪‪</subfield>
		<subfield code="a">أخطر كتاب في الرد على الماسونية‪‪‪‪‪‪‪</subfield>
	</datafield>
	<datafield ind1=" " ind2="1" tag="880">
		<subfield code="6">264-04/r</subfield>
		<subfield code="a">بيروت :‪‪‪‪‪‪‪</subfield>
		<subfield code="b">المطبعة الكاثوليكية للآباء اليسوعيين،‪‪‪‪‪‪‪</subfield>
		<subfield code="c">1910-1911.</subfield>
	</datafield>
	<datafield ind1=" " ind2=" " tag="880">
		<subfield code="6">300-05/r</subfield>
		<subfield code="a">1 كراس :‪‪‪‪‪‪‪</subfield>
		<subfield code="b">مصورات، صور شخصانية، صور طبق الأصل ؛‪‪‪‪‪‪‪</subfield>
		<subfield code="c">24 سم‪‪‪‪‪‪‪</subfield>
	</datafield>
	<datafield ind1=" " ind2=" " tag="880">
		<subfield code="6">500-00/r</subfield>
		<subfield code="a">6 أجزاء ببليوغرافية في 1 جزء مادي.‪‪‪‪‪‪‪</subfield>
	</datafield>
	<datafield ind1="0" ind2="0" tag="880">
		<subfield code="6">505-00/r</subfield>
		<subfield code="t">السر المصون في شيعة الفرمسون:‪‪‪‪‪‪‪</subfield>
		<subfield code="g">الكراس الأول.‪‪‪‪‪‪‪</subfield>
		<subfield code="t">تاريخ الماسونية وإسمها وغايتها --‪‪‪‪‪‪‪</subfield>
		<subfield code="g">الكراس الثاني.‪‪‪‪‪‪‪</subfield>
		<subfield code="t">نظام الماسونية ودرجاتها وأسرارها (مصورة) --‪‪‪‪‪‪‪</subfield>
		<subfield code="g">الكراس الثالث.‪‪‪‪‪‪‪</subfield>
		<subfield code="t">آداب الماسونية --‪‪‪‪‪‪‪</subfield>
		<subfield code="g">الكراس الرابع.‪‪‪‪‪‪‪</subfield>
		<subfield code="t">الجهاد ضد الماسونية --‪‪‪‪‪‪‪</subfield>
		<subfield code="g">الكراس الخامس.‪‪‪‪‪‪‪</subfield>
		<subfield code="t">الجراب الماسوني --‪‪‪‪‪‪‪</subfield>
		<subfield code="g">الكراس السادس.‪‪‪‪‪‪‪</subfield>
		<subfield code="t">قمر الجراب الماسوني.‪‪‪‪‪‪‪</subfield>
	</datafield>
	<datafield ind1=" " ind2="4" tag="880">
		<subfield code="6">650-06/r</subfield>
		<subfield code="a">الماسونية‪‪‪‪‪‪‪</subfield>
		<subfield code="x">تاريخ.‪‪‪‪‪‪‪</subfield>
	</datafield>
	<datafield ind1=" " ind2=" " tag="959">
		<subfield code="a">NNU</subfield>
		<subfield code="b">WEB</subfield>
		<subfield code="c">GENI</subfield>
		<subfield code="t">0</subfield>
		<subfield code="m">Electronic access</subfield>
		<subfield code="s">01</subfield>
	</datafield>
	<datafield ind1=" " ind2=" " tag="999">
		<subfield code="i">LeBAU_b12452531</subfield>
		<subfield code="s">aub_aco001245:v.1-6</subfield>
		<subfield code="e">(ERROR-MISC)</subfield>
		<subfield code="s">aub_aco001245:v.1-6</subfield>
	</datafield>
</record>
